@MISC{DipPortal,
  author="Budapesti {M}ûszaki és {G}azdaságtudományi {E}gyetem {V}illamosmérnöki és {I}nformatikai {K}ar",
  title="{D}iplomaterv portál (07.12.2017)",
  howpublished="\url{http://diplomaterv.vik.bme.hu/}",
}

@MISC{Latitude,
  author="Dell",
  title="Latitude e6320 hardware specification  (07.12.2017)",
  howpublished="\url{https://www.amazon.com/Dell-Latitude-E6320-13-3-Notebook/dp/B004YZFQRE/}",
}

@MISC{Batman,
  author="TMIT",
  title="Batman TMIT Linux R server (07.12.2017)",
  howpublished="\url{http://batman.tmit.bme.hu/}",
}

@MISC{Ubuntu,
  author="Ubuntu community",
  title="Ubuntu (07.12.2017)",
  howpublished="\url{https://www.ubuntu.com/}",
}

@MISC{RStudio,
  author="R core",
  title="RStudio software developing tool (07.12.2017)",
  howpublished="\url{https://www.rstudio.com/}",
}

@MISC{Termius,
  author="PEGI 3",
  title="Termius Android application (07.12.2017)",
  howpublished="\url{https://play.google.com/store/apps/details?id=com.server.auditor.ssh.client}",
}

@MISC{Github,
  author="Github community",
  title="Github version control (07.12.2017)",
  howpublished="\url{https://github.com/007vasy}",
}


@MISC{GTD,
  author="David Allen",
  title="Getting Things Done Method (07.12.2017)",
  howpublished="\url{http://gettingthingsdone.com/}",
}


@MISC{WRIKE,
  author="Wrike",
  title="Wrike (07.12.2017)",
  howpublished="\url{https://www.wrike.com/}",
}

@MISC{WRIKE_for_students,
  author="Wrike",
  title="Wrike for students (07.12.2017)",
  howpublished="\url{https://help.wrike.com/hc/en-us/articles/209603909-Student-Program}",
}

@MISC{Thesis_git_CAN,
  author="Vass Bence",
  title="Thesis github repository for CAN fingerprint(07.12.2017)",
  howpublished="\url{https://github.com/hegeduscs/mantis}",
}

@MISC{Thesis_git_Fail,
  author="Vass Bence",
  title="Thesis github repository for Electrical fail prediction(07.12.2017)",
  howpublished="\url{https://github.com/007vasy/mantis_fault_pred}",
}

@MISC{PyCharm,
  author="",
  title="Github version controll (07.12.2017)",
  howpublished="\url{https://www.jetbrains.com/pycharm/}",
}

@MISC{NetworkX,
  author="NetworkX community",
  title="Python package for handling data represented in graphs and networks (07.12.2017)",
  howpublished="\url{https://networkx.github.io/}",
}

@MISC{BALNWSCBOOK,
  author="László Barabási-Albert",
  title="Network Science Book (07.12.2017)",
  howpublished="\url{http://barabasi.com/networksciencebook/}",
}

@MISC{CSDISTILLED,
  author="Wladston Ferreira Filho",
  title="Computer Science Distilled: Learn the Art of Solving Computational Problems (07.12.2017)",
  howpublished="\url{https://www.amazon.com/Computer-Science-Distilled-Computational-Problems/dp/0997316004}",
}

@MISC{DATACAMP,
  author="DataCamp Inc.",
  title="DataCamp for learning DataScience (07.12.2017)",
  howpublished="\url{https://www.datacamp.com/groups/education}",
}

@MISC{LeanThinking,
  author="James P. Womack",
  title="Lean Thinking (07.12.2017)",
  howpublished="\url{https://www.amazon.com/Lean-Thinking-Corporation-Revised-Updated/dp/0743249275}",
}

@MISC{k-means,
  author="Wikipedia community",
  title="k-means algorithm (07.12.2017)",
  howpublished="\url{https://en.wikipedia.org/wiki/K-means_clustering}",
}

@MISC{h-clust,
  author="Wikipedia community",
  title="hierarchical clustering (07.12.2017)",
  howpublished="\url{https://en.wikipedia.org/wiki/Hierarchical_clustering}",
}

@MISC{PCA,
  author="Wikipedia community",
  title="Principal component analysis (07.12.2017)",
  howpublished="\url{https://en.wikipedia.org/wiki/Principal_component_analysis}",
}







































@BOOK{Wettl04,
  author="Ferenc Wettl and Gyula Mayer and Péter Szabó",
  title="\LaTeX~kézikönyv",
  publisher="Panem Könyvkiadó",
  year=2004
}

@ARTICLE{Candy86,
  author ="James C. Candy",
  title  ="Decimation for Sigma Delta Modulation",
  journal="{IEEE} Trans.\ on Communications",
  volume =34,
  number =1,
  pages  ="72--76",
  month  =jan,
  year   =1986,
}

@INPROCEEDINGS{Lee87,
  author =       "Wai L. Lee and Charles G. Sodini",
  title =        "A Topology for Higher Order Interpolative Coders",
  booktitle =    "Proc.\ of the IEEE International Symposium on Circuits and Systems",
  year =         1987,
  vol =          2,
  month =        may # "~4--7",
  address =      "Philadelphia, PA, USA",
  pages =        "459--462"
}

@PHDTHESIS{KissPhD,
  author =   "Peter Kiss",
  title =    "Adaptive Digital Compensation of Analog Circuit Imperfections for Cascaded Delta-Sigma Analog-to-Digital Converters",
  school =   "Technical University of Timi\c{s}oara, Romania",
  month =    apr,
  year =     2000
}

@MANUAL{Schreier00,
  author = "Richard Schreier",
  title  = "The Delta-Sigma Toolbox v5.2",
  organization = "Oregon State University",
  year   = 2000,
  month  = jan,
  note   ="URL: http://www.mathworks.com/matlabcentral/fileexchange/"
}

